@article{Lider:2020,
	author = {Лидер, В. В.},
	title = {Прецизионное определение параметров кристаллической решётки},
	journal = {Успехи физических наук},
	year = {2020},
	volume = {190},
	number = {9},
	pages = {971--994},
	doi = {10.3367/UFNr.2019.07.038599},
  url = {https://ufn.ru/ru/articles/2020/9/d/},
}

@inbook{Galdecka:2006,
  author = {Ga{\l}decka, E.},
  chapter = {X-ray diffraction methods: single crystal},
  pages = {505--508},
  publisher = {Wiley Online Library},
  title = {International Tables for Crystallography Volume C: Mathematical, physical and chemical tables},
  year = {2006},
  doi = {10.1107/97809553602060000117},
  url = {https://doi.org/10.1107/97809553602060000117},
}

@article{Bond:1960,
author = "Bond, W. L.",
title = "{Precision lattice constant determination}",
journal = "Acta Crystallographica",
year = "1960",
volume = "13",
number = "10",
pages = "814--818",
month = "Oct",
doi = {10.1107/S0365110X60001941},
url = {https://doi.org/10.1107/S0365110X60001941},
}

@article{Hubbard:1976,
  author = "Hubbard, C. R. and Mauer, F. A.",
  title = "{Precision and accuracy of the Bond method as applied to small spherical crystals}",
  journal = "Journal of Applied Crystallography",
  year = "1976",
  volume = "9",
  number = "1",
  pages = "1--8",
  month = "Feb",
  doi = {10.1107/S002188987601039X},
  url = {https://doi.org/10.1107/S002188987601039X},
}

@article{King:1979,
  author = "King, Jnr, H. E. and Finger, L. W.",
  title = "{Diffracted beam crystal centering and its application to high-pressure crystallography}",
  journal = "Journal of Applied Crystallography",
  year = "1979",
  volume = "12",
  number = "4",
  pages = "374--378",
  month = "Aug",
  doi = {10.1107/S0021889879012723},
  url = {https://doi.org/10.1107/S0021889879012723},
}

@article{Ponomarev:1969,
  author = {Пономарев, В. И. and Хейкер, Д. М.},
  title = {Методика исследования малых кристаллов в рентгеноском дифрактометре ДРОН-1},
  journal = {Аппаратура и Методы Рентгеноструктурного Анализа},
  year = {1969},
  volume = {выпуск VII},
  pages = {185--193}
}

@article{Dudka:2017,
  author = {Дудка, А. П. and Смирнова, Е. С. and Верин, И. А. and Болотина, Н. Б.},
  title = {Алгоритм и программа для прецизионного определения параметров элементарной ячейки монокристаллов с учетом эксцентриситета образца},
  journal = "Кристаллография",
  year = "2017",
  volume = "62",
  number = "4",
  pages = "669--677",
  doi = {10.7868/S0023476117040063},
  url = {https://doi.org/10.7868/S0023476117040063},
}

@article{Serebrennikova:2021,
  author = {Серебренникова, П.C. and Комаров, В.Ю. and Сухих, А.С. and Громилов, С.А.},
  title = {К вопросу о точности определения параметров элементарной ячейки монокристаллов на современных лабораторных дифрактометрах},
  journal = {Журнал Структурной Химии},
  year = {2021},
  volume = {62},
  number = {5},
  pages = {734},
  doi = {10.26902/JSC_id72860},
  url = {https://doi.org/10.26902/JSC_id72860},
}

@article{Kudryavtsev:2024:1,
  author = {Кудрявцев, А. Л. and Серебренникова, П. С. and Наумов, Н. Г. and Громилов, С.А.},
  title = {Реализация схемы Бонда на монокристальном дифрактометре. Изучение однородности монокристаллов $(\text{Y}_{1 - x}\text{Eu}_x)_2\text{O}_3$},
  journal = {Журнал Структурной Химии},
  year = {2024},
  volume = {65},
  number = {10},
  pages = {133158},
  doi = {10.26902/JSC_id133158},
  url = {https://doi.org/10.26902/JSC_id1331580},
}

@misc{Bruker:2019,
  author = {Bruker AXS Inc.},
  title = {{APEX3} V.2019.1-0, {SAINT} V.8.40A and {SADABS} V.2016/2},
  howpublished = {Bruker Advanced X-ray Solutions, Madison, Wisconsin, USA},
}

@article{Busing:1967,
author = "Busing, W. R. and Levy, H. A.",
title = "{Angle calculations for 3- and 4-circle X-ray and neutron diffractometers}",
journal = "Acta Crystallographica",
year = "1967",
volume = "22",
number = "4",
pages = "457--464",
month = "Apr",
doi = {10.1107/S0365110X67000970},
url = {https://doi.org/10.1107/S0365110X67000970},
}

@article{Kudryavtsev:2024:2,
  author = {Кудрявцев, А. Л. and Громилов, С.А.},
  title = {Учет эксцентриситета образца при измерении параметров
  элементарной ячейки малых монокристаллов
  в схеме Бонда на современных дифрактометрах},
  journal = {Журнал Структурной Химии},
  year = {2024},
  volume = {65},
  number = {12},
  pages = {137338},
  doi = {10.26902/JSC_id137338},
  url = {https://doi.org/10.26902/JSC_id137338},
}
